<record><leader>00000cas a22000007a 4500</leader><controlfield tag="001">9882319</controlfield><controlfield tag="008">830907d18461849riuwr ne      0    0eng d</controlfield><datafield ind1=" " ind2=" " tag="010"><subfield code="a">sn 83021168 </subfield></datafield><datafield ind1=" " ind2=" " tag="040"><subfield code="a">NPX</subfield><subfield code="b">eng</subfield><subfield code="c">NPX</subfield><subfield code="d">RHN</subfield><subfield code="d">OCL</subfield><subfield code="d">OCLCF</subfield><subfield code="d">OCLCO</subfield></datafield><datafield ind1="1" ind2=" " tag="029"><subfield code="a">AU@</subfield><subfield code="b">000020123621</subfield></datafield><datafield ind1=" " ind2=" " tag="042"><subfield code="a">msc</subfield></datafield><datafield ind1=" " ind2=" " tag="043"><subfield code="a">n-us-ri</subfield></datafield><datafield ind1="0" ind2="0" tag="245"><subfield code="a">Herald of the times, and Rhode Islander.</subfield></datafield><datafield ind1="1" ind2="7" tag="246"><subfield code="a">Herald and Rhode-Islander</subfield></datafield><datafield ind1=" " ind2=" " tag="260"><subfield code="a">Newport, R.I. :</subfield><subfield code="b">James Atkinson,</subfield></datafield><datafield ind1=" " ind2=" " tag="300"><subfield code="a">v.</subfield></datafield><datafield ind1=" " ind2=" " tag="310"><subfield code="a">Weekly</subfield></datafield><datafield ind1="0" ind2=" " tag="362"><subfield code="a">Vol. 17, no. 1 (Mar. 26, 1846)-v. 19, no. 41 (Jan. 4, 1849) = whole no. 833-whole no. 967.</subfield></datafield><datafield ind1=" " ind2="0" tag="651"><subfield code="a">Newport (R.I.)</subfield><subfield code="v">Newspapers.</subfield></datafield><datafield ind1=" " ind2="7" tag="655"><subfield code="a">Newspapers.</subfield><subfield code="2">fast</subfield><subfield code="0">(OCoLC)fst01423814</subfield></datafield><datafield ind1=" " ind2="7" tag="651"><subfield code="a">Rhode Island</subfield><subfield code="z">Newport.</subfield><subfield code="2">fast</subfield><subfield code="0">(OCoLC)fst01210119</subfield></datafield><datafield ind1=" " ind2=" " tag="752"><subfield code="a">United States</subfield><subfield code="b">Rhode Island</subfield><subfield code="c">Newport</subfield><subfield code="d">Newport.</subfield></datafield><datafield ind1="0" ind2="4" tag="780"><subfield code="t">Herald of the times (Newport, R.I. : 1830)</subfield><subfield code="w">(DLC)sn 83021167</subfield></datafield><datafield ind1="0" ind2="4" tag="780"><subfield code="t">Rhode Islander (Newport, R.I.)</subfield><subfield code="w">(DLC)sn 83021166</subfield></datafield><datafield ind1="0" ind2="0" tag="785"><subfield code="t">Herald of the times (Newport, R.I. : 1849)</subfield><subfield code="w">(DLC)sn 83021169</subfield></datafield></record>